
@inproceedings{Olivier:Gate,
	AUTHOR = "Olivier Coudert",
	TITLE = "Gate sizing: a general purpose optimization approach",
	JOURNAL = {ED&TC'96},
    LOCATION = {Paris, France},
    MONTH = {March},
	YEAR = {1996}	}
